@inproceedings{Aksentev:IPAC17,
	title = {Model of Statistical Errors in the Search for the Deuteron {EDM} in the Storage Ring},
	author = {Aksentyev, Alexander and Senichev, Yurij},
	url = {http://accelconf.web.cern.ch/AccelConf/ipac2017/doi/JACoW-IPAC2017-TUPVA079.html},
	doi = {10.18429/JACoW-IPAC2017-TUPVA079},	
	eventtitle = {8th Int. Particle Accelerator Conf. ({IPAC}'17)},
	location = {Copenhagen, Denmark},
	eventdate = {2017-05-14/2017-05-19},
	booktitle = {Hadron Accelerators},
	pages = {2258--2260},
	publisher = {{JACOW}, Geneva, Switzerland},
	isbn = {978-3-95450-182-3}
}

@inproceedings{Aksentev:IPAC19:SMP,
	title = {Spin Motion Perturbation Effect on the EDM Statistic
	in the Frequency Domain Method},
	author = {A. Aksentyev and Y. Senichev},
	eventtitle = {10th Int. Particle Accelerator Conf. ({IPAC}'19)},
	location = {Melbourne, Australia},
	eventdate = {2019-05-19/2019-05-24},
	booktitle = {Hadron Accelerators}
}

@inproceedings{Aksentev:IPAC19:DECOH,
	title = {Spin decoherence in the Frequency Domain Method for the search of a particle EDM},
	author = {A. Aksentyev and Y. Senichev},
	eventtitle = {10th Int. Particle Accelerator Conf. ({IPAC}'19)},
	location = {Melbourne, Australia},
	eventdate = {2019-05-19/2019-05-24},
	booktitle = {Hadron Accelerators}
}

@inproceedings{Aksentev:IPAC19:GFF,
	title = {Simulation of the Guide Field Flipping Procedure for the Frequency Domain Method},
	author = {A. Aksentyev and Y. Senichev},
	eventtitle = {10th Int. Particle Accelerator Conf. ({IPAC}'19)},
	location = {Melbourne, Australia},
	eventdate = {2019-05-19/2019-05-24},
	booktitle = {Hardon Accelerators}
}

@inproceedings{Aksentev:LaPlas17,
        title = {Статистическая точность при поиске ЭДМ заряженных частиц в накопительных кольцах},
        author = {А.Е. Аксентьев and Ю.В. Сеничев},
        eventtitle = {III Международная конференция ``Лазерные, плазменные исследования и технологии''},
        location = {Москва, Россия},
        eventdate = {2017-01-24/2017-01-27},
        booktitle = {Ускорители заряженных частиц}
}

@inproceedings{Aksentev:LaPlas18,
        title = {Моделирование спин-орбитальной динамики пучка в накопительном кольце},
        author = {А.Е. Аксентьев},
        eventtitle = {IV Международная конференция ``Лазерные, плазменные исследования и технологии''},
        location = {Москва, Россия},
        eventdate = {2018-01-30/2018-02-01},
        booktitle = {Ускорители заряженных частиц}
}

@inproceedings{Aksentev:LaPlas19,
        title = {Декогеренция спина в структуре с замороженным спином, её подавление и эффект на ЭДМ статистику в методе Frequency Domain},
        author = {А.Е. Аксентьев and Ю.В. Сеничев},
        eventtitle = {V Международная конференция ``Лазерные, плазменные исследования и технологии''},
        location = {Москва, Россия},
        eventdate = {2019-02-12/2019-02-15},
        booktitle = {Ускорители заряженных частиц}
}