
@article{Aksentev:Stats,
	title={Statistical precision in charged particle EDM search in storage rings},
	author={A. Aksentev and Y. Senichev},
	year={2017},
	journal={Journal of Physics: Conference Series},
	volume={941}
}

@inproceedings{Aksentev:IPAC19:SMP,
	address = {Melbourne, Australia},
	title = {Spin Motion Perturbation Effect on the EDM Statistic
	in the Frequency Domain Method},
	author = {A. Aksentev, Y. Senichev},
	year = {2019},
	booktitle = {Hadron Accelerators}
}

@inproceedings{Aksentev:IPAC19:DECOH,
	address = {Melbourne, Australia},
	title = {Spin decoherence in the Frequency Domain Method for the search of a particle EDM},
	author = {A. Aksentev, Y. Senichev},
	year = {2019},
	booktitle = {Hadron Accelerators}
}

@inproceedings{Aksentev:IPAC19:GFF,
	address = {Melbourne, Australia},
	title = {Simulation of the Guide Field Flipping Procedure for the Frequency Domain Method},
	author = {A. Aksentev, Y. Senichev},
	year = {2019},
	booktitle = {Hardon Accelerators}
}