@inproceedings{Aksentev:IPAC17,
	title = {Model of Statistical Errors in the Search for the Deuteron {EDM} in the Storage Ring},
	isbn = {978-3-95450-182-3},
	url = {http://accelconf.web.cern.ch/AccelConf/ipac2017/doi/JACoW-IPAC2017-TUPVA079.html},
	doi = {10.18429/JACoW-IPAC2017-TUPVA079},
	eventtitle = {8th Int. Particle Accelerator Conf. ({IPAC}'17), Copenhagen, Denmark, 14--19 May, 2017},
	pages = {2258--2260},
	publisher = {{JACOW}, Geneva, Switzerland},
	author = {Aksentyev, Alexander and Senichev, Yurij},
	urldate = {2017-06-21},
	date = {2017-05},
	langid = {english},
	keywords = {{EDM}}
}

@inproceedings{Aksentev:IPAC19:SMP,
	address = {Melbourne, Australia},
	title = {Spin Motion Perturbation Effect on the EDM Statistic
	in the Frequency Domain Method},
	author = {A. Aksentev and Y. Senichev},
	year = {2019},
	booktitle = {Hadron Accelerators}
}

@inproceedings{Aksentev:IPAC19:DECOH,
	address = {Melbourne, Australia},
	title = {Spin decoherence in the Frequency Domain Method for the search of a particle EDM},
	author = {A. Aksentev and Y. Senichev},
	year = {2019},
	booktitle = {Hadron Accelerators}
}

@inproceedings{Aksentev:IPAC19:GFF,
	address = {Melbourne, Australia},
	title = {Simulation of the Guide Field Flipping Procedure for the Frequency Domain Method},
	author = {A. Aksentev and Y. Senichev},
	year = {2019},
	booktitle = {Hardon Accelerators}
}